<?xml version="1.0" encoding="UTF-8"?><collection xmlns="http://www.loc.gov/MARC21/slim"><record><leader>00468nam--2200121-i-4500</leader><controlfield tag="001">000032126</controlfield><controlfield tag="002">20161230</controlfield><controlfield tag="005">20161230201039</controlfield><controlfield tag="008">060222s1000------------r-----000-0-eng-d</controlfield><datafield ind1=" " ind2=" " tag="080"><subfield code="a">001.891</subfield></datafield><datafield ind1=" " ind2=" " tag="245"><subfield code="a">La mesure des activites scientifiques et techniques.methode type proposee pour les enquetes sur la recherche et le development experimental.manuel de frascati 1980</subfield></datafield><datafield ind1=" " ind2=" " tag="260"><subfield code="a">Paris, Organisation De Cooperation Et De Development Economiques, 1981. 214p</subfield></datafield><datafield ind1=" " ind2=" " tag="852"><subfield code="a">70679</subfield></datafield></record></collection>